{
  "tinypilot": {
    "2020-06": {
      "totalRevenue": 173.94
    },
    "2020-07": {
      "totalRevenue": 8741.37
    },
    "2020-08": {
      "totalRevenue": 5996.87
    },
    "2020-09": {
      "totalRevenue": 3817.99
    },
    "2020-10": {
      "totalRevenue": 10263.62
    },
    "2020-11": {
      "totalRevenue": 12313.25
    },
    "2020-12": {
      "totalRevenue": 15367.05
    },
    "2021-01": {
      "profit": 3636.08,
      "totalRevenue": 41992.92
    },
    "2021-02": {
      "profit": 10328.8,
      "totalRevenue": 33109.96
    },
    "2021-03": {
      "profit": -352.77,
      "totalRevenue": 19802.3
    },
    "2021-04": {
      "profit": 843.56,
      "totalRevenue": 28880.65
    },
    "2021-05": {
      "profit": 6858.72,
      "totalRevenue": 38767.77
    },
    "2021-06": {
      "profit": -9452.32,
      "totalRevenue": 29494.46
    },
    "2021-07": {
      "profit": -9713.34,
      "totalRevenue": 24002.64
    },
    "2021-08": {
      "profit": -10140.95,
      "totalRevenue": 30239.04
    },
    "2021-09": {
      "profit": 11713.04,
      "totalRevenue": 45713.52
    },
    "2021-10": {
      "profit": 1936.22,
      "totalRevenue": 41780.08
    },
    "2021-11": {
      "profit": 12758.39,
      "totalRevenue": 64859.86
    },
    "2021-12": {
      "profit": -15207.05,
      "totalRevenue": 53372.87
    },
    "2022-01": {
      "profit": -21240.81,
      "totalRevenue": 56189.53
    },
    "2022-02": {
      "profit": 14130.75,
      "totalRevenue": 52627.15
    },
    "2022-03": {
      "profit": -3043.34,
      "totalRevenue": 69232.4
    },
    "2022-04": {
      "profit": -19392.76,
      "totalRevenue": 46072.36
    },
    "2022-05": {
      "profit": 6445.38,
      "totalRevenue": 58161.51
    },
    "2022-06": {
      "profit": -4230.17,
      "totalRevenue": 67355.75
    },
    "2022-07": {
      "profit": -12349.21,
      "totalRevenue": 59759.07
    },
    "2022-08": {
      "profit": 21580.82,
      "totalRevenue": 79636.99
    },
    "2022-09": {
      "profit": -5337.82,
      "totalRevenue": 72324.35
    },
    "2022-10": {
      "profit": 26042.39,
      "totalRevenue": 91669.02
    },
    "2022-11": {
      "profit": 7407.3,
      "totalRevenue": 111916.3
    },
    "2022-12": {
      "profit": -4806.26,
      "totalRevenue": 67366.11
    },
    "2023-01": {
      "profit": 8552.79,
      "totalRevenue": 72401.15
    },
    "2023-02": {
      "profit": 33455.55,
      "totalRevenue": 76811.58
    },
    "2023-03": {
      "profit": 44502.1,
      "totalRevenue": 88640.85
    },
    "2023-04": {
      "profit": 10295.55,
      "totalRevenue": 84720.62
    },
    "2023-05": {
      "profit": 24034.74,
      "totalRevenue": 92457.9
    },
    "2023-06": {
      "profit": 30744.96,
      "totalRevenue": 93068.81
    },
    "2023-07": {
      "profit": 26359.62,
      "totalRevenue": 83703.24
    },
    "2023-08": {
      "profit": 28454.42,
      "totalRevenue": 94930.78
    },
    "2023-09": {
      "profit": 8644.82,
      "totalRevenue": 85727.02
    },
    "2023-10": {
      "profit": 69280.58,
      "totalRevenue": 101797.35
    },
    "2023-11": {
      "profit": -5407.96,
      "totalRevenue": 87170.21
    },
    "2023-12": {
      "profit": -59717.41,
      "totalRevenue": 77281.21
    },
    "2024-01": {
      "profit": 79164.14,
      "totalRevenue": 103612.79
    },
    "2024-02": {
      "profit": 23599.09,
      "totalRevenue": 86181.77
    },
    "2024-03": {
      "profit": 3193.73,
      "totalRevenue": 110542.65
    }
  },
  "htfp": {
    "2020-12": {
      "totalRevenue": 1380.92
    },
    "2021-01": {
      "totalRevenue": 2565.22
    },
    "2021-02": {
      "totalRevenue": 359.95
    },
    "2021-03": {
      "totalRevenue": 968.83
    },
    "2021-04": {
      "totalRevenue": 450.81
    },
    "2021-05": {
      "totalRevenue": 417.85
    },
    "2021-06": {
      "totalRevenue": 123.52
    },
    "2021-07": {
      "totalRevenue": 245.39
    },
    "2021-08": {
      "totalRevenue": 728.9
    },
    "2021-09": {
      "totalRevenue": 216.44
    },
    "2021-10": {
      "totalRevenue": 75.27
    },
    "2021-11": {
      "totalRevenue": 94.57
    },
    "2021-12": {
      "totalRevenue": 46.6
    },
    "2022-01": {
      "totalRevenue": 66.59
    },
    "2022-02": {
      "totalRevenue": 0
    },
    "2022-03": {
      "totalRevenue": 0
    },
    "2022-04": {
      "totalRevenue": 66.59
    },
    "2022-05": {
      "totalRevenue": 94.57
    },
    "2022-06": {
      "totalRevenue": 111.54
    },
    "2022-07": {
      "totalRevenue": 198.79
    },
    "2022-08": {
      "totalRevenue": 273.66
    },
    "2022-09": {
      "totalRevenue": 99.4
    },
    "2022-10": {
      "totalRevenue": 148.49
    },
    "2022-11": {
      "totalRevenue": 83.55
    },
    "2022-12": {
      "totalRevenue": 0
    },
    "2023-01": {
      "totalRevenue": 150.3
    },
    "2023-02": {
      "totalRevenue": 107.7
    },
    "2023-03": {
      "totalRevenue": 0
    },
    "2023-04": {
      "totalRevenue": 80.4
    },
    "2023-05": {
      "totalRevenue": 35.1
    },
    "2023-06": {
      "totalRevenue": 88.2
    },
    "2023-07": {
      "totalRevenue": 35.1
    },
    "2023-08": {
      "totalRevenue": 106.2
    },
    "2023-09": {
      "totalRevenue": 53.1
    },
    "2023-10": {
      "totalRevenue": 0
    },
    "2023-11": {
      "totalRevenue": 0
    },
    "2023-12": {
      "totalRevenue": 0
    },
    "2024-01": {
      "totalRevenue": 0
    },
    "2024-02": {
      "totalRevenue": 177.3
    },
    "2024-03": {
      "totalRevenue": 62.1
    }
  },
  "isitketo": {
    "2019-01": {
      "totalRevenue": 23.37
    },
    "2019-02": {
      "totalRevenue": 11
    },
    "2019-03": {
      "totalRevenue": 40.84
    },
    "2019-04": {
      "totalRevenue": 82.44
    },
    "2019-05": {
      "totalRevenue": 107.25
    },
    "2019-06": {
      "totalRevenue": 138.76
    },
    "2019-07": {
      "totalRevenue": 225.47
    },
    "2019-08": {
      "totalRevenue": 379.8
    },
    "2019-09": {
      "totalRevenue": 328.85
    },
    "2019-10": {
      "totalRevenue": 258.54
    },
    "2019-11": {
      "totalRevenue": 269.07
    },
    "2019-12": {
      "totalRevenue": 392.79
    },
    "2020-01": {
      "totalRevenue": 786.71
    },
    "2020-02": {
      "totalRevenue": 682.62
    },
    "2020-03": {
      "totalRevenue": 362.28
    },
    "2020-04": {
      "totalRevenue": 220.48
    },
    "2020-05": {
      "totalRevenue": 221.53
    },
    "2020-06": {
      "totalRevenue": 180.66
    },
    "2020-07": {
      "totalRevenue": 369.91
    },
    "2020-08": {
      "totalRevenue": 486.22
    },
    "2020-09": {
      "totalRevenue": 362.18
    },
    "2020-10": {
      "totalRevenue": 510.86
    },
    "2020-11": {
      "totalRevenue": 431.52
    },
    "2020-12": {
      "totalRevenue": 484.71
    },
    "2021-01": {
      "totalRevenue": 915.38
    },
    "2021-02": {
      "totalRevenue": 786.96
    },
    "2021-03": {
      "totalRevenue": 949.28
    },
    "2021-04": {
      "totalRevenue": 676.98
    },
    "2021-05": {
      "totalRevenue": 605.83
    },
    "2021-06": {
      "totalRevenue": 671.44
    },
    "2021-07": {
      "totalRevenue": 497.72
    },
    "2021-08": {
      "totalRevenue": 402.16
    },
    "2021-09": {
      "totalRevenue": 342.05
    },
    "2021-10": {
      "totalRevenue": 258.4
    },
    "2021-11": {
      "totalRevenue": 261.61
    },
    "2021-12": {
      "totalRevenue": 201.21
    },
    "2022-01": {
      "totalRevenue": 342.92
    },
    "2022-02": {
      "totalRevenue": 218.11
    },
    "2022-03": {
      "totalRevenue": 247.61
    },
    "2022-04": {
      "totalRevenue": 226.87
    },
    "2022-05": {
      "totalRevenue": 147.63
    },
    "2022-06": {
      "totalRevenue": 144.78
    },
    "2022-07": {
      "totalRevenue": 180.64
    },
    "2022-08": {
      "totalRevenue": 140.11
    },
    "2022-09": {
      "totalRevenue": 153.54
    },
    "2022-10": {
      "totalRevenue": 166.87
    },
    "2022-11": {
      "totalRevenue": 170.51
    },
    "2022-12": {
      "totalRevenue": 153.35
    },
    "2023-01": {
      "totalRevenue": 219.58
    },
    "2023-02": {
      "totalRevenue": 228.55
    },
    "2023-03": {
      "totalRevenue": 171.21
    },
    "2023-04": {
      "totalRevenue": 117.49
    },
    "2023-05": {
      "totalRevenue": 120.91
    },
    "2023-06": {
      "totalRevenue": 95.61
    },
    "2023-07": {
      "totalRevenue": 112.58
    },
    "2023-08": {
      "totalRevenue": 94.97
    },
    "2023-09": {
      "totalRevenue": 116.08
    },
    "2023-10": {
      "totalRevenue": 141.58
    },
    "2023-11": {
      "totalRevenue": 141.48
    },
    "2023-12": {
      "totalRevenue": 99.82
    },
    "2024-01": {
      "totalRevenue": 211.59
    },
    "2024-02": {
      "totalRevenue": 200.45
    },
    "2024-03": {
      "totalRevenue": 167.59
    }
  },
  "zestful": {
    "2018-07": {
      "totalRevenue": null
    },
    "2018-08": {
      "totalRevenue": null
    },
    "2018-09": {
      "totalRevenue": null
    },
    "2018-10": {
      "totalRevenue": null
    },
    "2018-11": {
      "totalRevenue": null
    },
    "2018-12": {
      "totalRevenue": null
    },
    "2019-01": {
      "totalRevenue": 1.35
    },
    "2019-02": {
      "totalRevenue": 3.13
    },
    "2019-03": {
      "totalRevenue": 0.17
    },
    "2019-04": {
      "totalRevenue": 124.25
    },
    "2019-05": {
      "totalRevenue": 95.09
    },
    "2019-06": {
      "totalRevenue": 20.48
    },
    "2019-07": {
      "totalRevenue": 45.97
    },
    "2019-08": {
      "totalRevenue": 1478.07
    },
    "2019-09": {
      "totalRevenue": 3.2
    },
    "2019-10": {
      "totalRevenue": 3.48
    },
    "2019-11": {
      "totalRevenue": 63.13
    },
    "2019-12": {
      "totalRevenue": 7934.13
    },
    "2020-01": {
      "totalRevenue": 79.67
    },
    "2020-02": {
      "totalRevenue": 2.27
    },
    "2020-03": {
      "totalRevenue": 3.67
    },
    "2020-04": {
      "totalRevenue": 32.19
    },
    "2020-05": {
      "totalRevenue": 6.48
    },
    "2020-06": {
      "totalRevenue": 1385.26
    },
    "2020-07": {
      "totalRevenue": 18.05
    },
    "2020-08": {
      "totalRevenue": 9.36
    },
    "2020-09": {
      "totalRevenue": 12.27
    },
    "2020-10": {
      "totalRevenue": 35.05
    },
    "2020-11": {
      "totalRevenue": 1800
    },
    "2020-12": {
      "totalRevenue": 103.33
    },
    "2021-01": {
      "totalRevenue": 155.5
    },
    "2021-02": {
      "totalRevenue": 32.52
    },
    "2021-03": {
      "totalRevenue": 21.97
    },
    "2021-04": {
      "totalRevenue": 40.82
    },
    "2021-05": {
      "totalRevenue": 32.85
    },
    "2021-06": {
      "totalRevenue": 40.2
    },
    "2021-07": {
      "totalRevenue": 620.67
    },
    "2021-08": {
      "totalRevenue": 390.8
    },
    "2021-09": {
      "totalRevenue": 185.12
    },
    "2021-10": {
      "totalRevenue": 99.74
    },
    "2021-11": {
      "totalRevenue": 727.17
    },
    "2021-12": {
      "totalRevenue": 1252.31
    },
    "2022-01": {
      "totalRevenue": 847.38
    },
    "2022-02": {
      "totalRevenue": 271.25
    },
    "2022-03": {
      "totalRevenue": 325.19
    },
    "2022-04": {
      "totalRevenue": 1166.76
    },
    "2022-05": {
      "totalRevenue": 68.6
    },
    "2022-06": {
      "totalRevenue": 160.65
    },
    "2022-07": {
      "totalRevenue": 129.35
    },
    "2022-08": {
      "totalRevenue": 30.62
    },
    "2022-09": {
      "totalRevenue": 83.66
    },
    "2022-10": {
      "totalRevenue": 108
    },
    "2022-11": {
      "totalRevenue": 83.89
    },
    "2022-12": {
      "totalRevenue": 115.35
    },
    "2023-01": {
      "totalRevenue": 174.98
    },
    "2023-02": {
      "totalRevenue": 142.58
    },
    "2023-03": {
      "totalRevenue": 108.41
    },
    "2023-04": {
      "totalRevenue": 135.61
    },
    "2023-05": {
      "totalRevenue": 94.39
    },
    "2023-06": {
      "totalRevenue": 118.99
    },
    "2023-07": {
      "totalRevenue": 234.67
    },
    "2023-08": {
      "totalRevenue": 177.9
    },
    "2023-09": {
      "totalRevenue": 191.24
    },
    "2023-10": {
      "totalRevenue": 120.8
    },
    "2023-11": {
      "totalRevenue": 107.33
    },
    "2023-12": {
      "totalRevenue": 148.4
    },
    "2024-01": {
      "totalRevenue": 123.28
    },
    "2024-02": {
      "totalRevenue": 137.55
    },
    "2024-03": {
      "totalRevenue": 125.39
    }
  }
}
